@misc{ wiki:vga,
  author = "{Wikipedia contributors}",
  title = "Video Graphics Array --- {W}ikipedia{,} The Free Encyclopedia",
  year = "2018",
  url = "https://en.wikipedia.org/w/index.php?title=Video_Graphics_Array&oldid=839928999"
}

@misc{ wiki:snake,
  author = "{Wikipedia contributors}",
  title = "Snake {(}video game genre{)} --- {W}ikipedia{,} The Free Encyclopedia",
  year = "2018",
  url = "https://en.wikipedia.org/w/index.php?title=Snake_(video_game_genre)&oldid=839518277"
}

@misc{ misc:ps2,
  author = {Chapweske, Adam},
  title = {The PS/2 Mouse/Keyboard Protocol},
  year = {2003},
  url = "https://www.avrfreaks.net/sites/default/files/PS2%20Keyboard.pdf"
}

@misc{ misc:digilent,
  author = "{Digilent Inc.}",
  title = {VGA Display Controller},
  subtitle = {Design Challenge 6},
  year = {2014},
  url = "https://learn.digilentinc.com/Documents/269"
}

@book{ book:labpi,
  author = {Nedevschi, Sergiu and Marita, Tiberiu and Danescu, Radu and Oniga, Florin and Brehar, Raluca and Giosan, Ion and Vicas, Cristian},
  title = {Procesarea imaginilor},
  subtitle = {Indrumator de laborator},
  year = {2013},
  publisher = {U.T. PRESS}
}

@article { art:contrast,
  title = {Image Processing Algorithms Part 5: Contrast Adjustment},
  author = {Loch, Francis G.},
  journal = {The Crypt},
  volume = {56},
  year = {2015},
  publisher = {Amiga Inc.}
}